@Manual{manzano1995,
    title={Inferencia estadística: aplicaciones con SPSS/PC+},
    author={Manzano Arrondo, Vicente},
    year={1995},
  }
@Manual{expss,
    title = {expss: Tables, Labels and Some Useful Functions from Spreadsheets and 'SPSS' Statistics},
    author = {Gregory Demin},
    year = {2020},
    note = {R package version 0.10.2},
    url = {https://CRAN.R-project.org/package=expss},
  }
@Manual{highcharter,
    title = {highcharter: A Wrapper for the Highcharts Library},
    author = {Joshua Kunst},
    year = {2020},
    note = {https://jkunst.com/},
    url={https://jkunst.com/highcharter/index.html},
  }
@Book{ggplot2,
    author = {Hadley Wickham},
    title = {ggplot2: Elegant Graphics for Data Analysis},
    publisher = {Springer-Verlag New York},
    year = {2016},
    isbn = {978-3-319-24277-4},
    url = {https://ggplot2.tidyverse.org},
  }
@Manual{dplyr,
    title = {dplyr: A Grammar of Data Manipulation},
    author = {Hadley Wickham and Romain François and Lionel Henry and Kirill Müller},
    year = {2020},
    note = {R package version 1.0.0},
    url = {https://CRAN.R-project.org/package=dplyr},
  }
@Book{bookdown,
    title = {bookdown: Authoring Books and Technical Documents with {R} Markdown},
    author = {Yihui Xie},
    publisher = {Chapman and Hall/CRC},
    address = {Boca Raton, Florida},
    year = {2016},
    note = {ISBN 978-1138700109},
    url = {https://github.com/rstudio/bookdown},
  }
@Book{sanchez1989analisis,
  title={An{\'a}lisis de tablas de contingencia},
  author={S{\'a}nchez Carri{\'o}n, Juan Javier},
  journal={Centro de Investigaciones Sociol{\'o}gicas, Madrid},
  year={1989}
}
@book{albiol1998preparacion,
  title={Preparaci{\'o}n, tabulaci{\'o}n y an{\'a}lisis de encuestas para directivos},
  author={Albiol, Josep M{\'u}ria and Saura, Roberto Gil},
  year={1998},
  publisher={Esic Editorial}
}
@article{art001,
 ISSN = {03067734, 17515823},
 URL = {http://www.jstor.org/stable/1402731},
 abstract = {Pearson's paper of 1900 introduced what subsequently became known as the chi-squared test of goodness of fit. The terminology and allusions of 80 years ago create a barrier for the modern reader, who finds that the interpretation of Pearson's test procedure and the assessment of what he achieved are less than straightforward, notwithstanding the technical advances made since then. An attempt is made here to surmount these difficulties by exploring Pearson's relevant activities during the first decade of his statistical career, and by describing the work by his contemporaries and predecessors which seem to have influenced his approach to the problem. Not all the questions are answered, and others remain for further study. /// La communication de Pearson en 1900 présentait ce que ultérieurement est devenu l'épreuve de Chi-carré d'excellence d'ajustement. La terminologie et les allusions d'il y a quatre-vingt ans créent une barrière pour le lecteur moderne, qui trouve que l'interpretation du procédure de l'épreuve de Pearson et la détermination de ce qu'il a achevé ne sont pas très nettes en dépit des avances techniques qui ont été faites depuis lors. Ici j'ai fait un effort de surmonter ces difficultés par les moyens de l'exploration des activités pertinantes de Pearson pendant la premiere décade de sa carrière en statistiques, et de la description du travail de ses contemporains et prédécesseurs qui semble avoir eu une influence sur son approche au problème. Je n'ai pas eu une réponse à toutes les questions, et il y en a d'autres qui resteront pour une étude ultérieure.},
 author = {R. L. Plackett},
 journal = {International Statistical Review / Revue Internationale de Statistique},
 number = {1},
 pages = {59--72},
 publisher = {[Wiley, International Statistical Institute (ISI)]},
 title = {Karl Pearson and the Chi-Squared Test},
 volume = {51},
 year = {1983}
}
@book{glass1986metodos,
  title={M{\'e}todos estad{\'\i}sticos aplicados a las ciencias sociales},
  author={Glass, Gene V and Stanley, Julian C and G{\'o}mez, Elsa Galvis and Guzm{\'a}n, Eugenia},
  year={1986},
  publisher={Prentice-Hall Hispanoamericana}
}
@book{siegel1995estadistica,
  title={Estad{\'\i}stica no param{\'e}trica: aplicada a las ciencias de la conducta},
  author={Siegel, Sidney and Castellan, N John and others},
  volume={4},
  year={1995},
  publisher={Trillas M{\'e}xico}
}
@book{amon2009estadistica,
  title={Estad{\'\i}stica para psic{\'o}logos},
  author={Am{\'o}n, Jes{\'u}s},
  year={2009},
  publisher={Madrid: Pir{\'a}mide, 1990.}
}
@article{biemer2008weighting,
  title={Weighting survey data},
  author={Biemer, Paul P and Christ, Sharon L},
  journal={International handbook of survey methodology},
  volume={2008},
  pages={317--341},
  year={2008},
  publisher={Psychology Press New York, NY}
}
@article{mohler2008survey,
  title={Survey documentation: Toward professional knowledge management in sample surveys},
  author={Mohler, Peter Ph and Pennell, Beth-Ellen and Hubbard, Frost},
  journal={International handbook of survey methodology},
  pages={403--420},
  year={2008},
  publisher={European Association of Methodology / Lawrence Erlbaum Associates New York, NY}
}
@book{kuan2015learning,
  title={Learning Highcharts 4},
  author={Kuan, Joe},
  year={2015},
  publisher={Packt Publishing Ltd}
}
